% This file was created with JabRef 2.10.
% Encoding: MS950

@InProceedings{hinton2012deep,
  title={Deep neural networks for acoustic modeling in speech recognition: The shared views of four research groups},
  author={Hinton, Geoffrey and Deng, Li and Yu, Dong and Dahl, George E and Mohamed, Abdel-rahman and Jaitly, Navdeep and Senior, Andrew and Vanhoucke, Vincent and Nguyen, Patrick and Sainath, Tara N and others},
  journal={Signal Processing Magazine, IEEE},
  volume={29},
  number={6},
  pages={82--97},
  year={2012},
  publisher={IEEE}
}

@InProceedings{graves2006connectionist,
  title={Connectionist temporal classification: labelling unsegmented sequence data with recurrent neural networks},
  author={Graves, Alex and Fern{\'a}ndez, Santiago and Gomez, Faustino and Schmidhuber, J{\"u}rgen},
  booktitle={Proceedings of the 23rd international conference on Machine learning},
  pages={369--376},
  year={2006},
  organization={ACM}
}

@InProceedings{graves2013speech,
  title={Speech recognition with deep recurrent neural networks},
  author={Graves, Alan and Mohamed, Abdel-rahman and Hinton, Geoffrey},
  booktitle={Acoustics, Speech and Signal Processing (ICASSP), 2013 IEEE International Conference on},
  pages={6645--6649},
  year={2013},
  organization={IEEE}
}

@InProceedings{lecun1995convolutional,
  title={Convolutional networks for images, speech, and time series},
  author={LeCun, Yann and Bengio, Yoshua},
  journal={The handbook of brain theory and neural networks},
  volume={3361},
  number={10},
  pages={1995},
  year={1995}
}

@InProceedings{jia2014caffe,
  Author = {Jia, Yangqing and Shelhamer, Evan and Donahue, Jeff and Karayev, Sergey and Long, Jonathan and Girshick, Ross and Guadarrama, Sergio and Darrell, Trevor},
  Journal = {arXiv preprint arXiv:1408.5093},
  Title = {Caffe: Convolutional Architecture for Fast Feature Embedding},
  Year = {2014}
}

@InProceedings{mikolov2010recurrent,
  title={Recurrent neural network based language model.},
  author={Mikolov, Tomas and Karafi{\'a}t, Martin and Burget, Lukas and Cernock{\`y}, Jan and Khudanpur, Sanjeev},
  booktitle={INTERSPEECH},
  volume={2},
  pages={3},
  year={2010}
}

@InProceedings{hochreiter1997long,
  title={Long short-term memory},
  author={Hochreiter, Sepp and Schmidhuber, J{\"u}rgen},
  journal={Neural computation},
  volume={9},
  number={8},
  pages={1735--1780},
  year={1997},
  publisher={MIT Press}
}

@InProceedings{van2000speech,
  title={Speech recognition of non-native speech using native and non-native acoustic models},
  author={Van Leeuwen, David A and Orr, Rosemary},
  year={2000},
  institution={DTIC Document}
}

@InProceedings{kat1999fast,
  title={Fast accent identification and accented speech recognition},
  author={Kat, LIU and Fung, Pascale},
  booktitle={Acoustics, Speech, and Signal Processing, 1999. Proceedings., 1999 IEEE International Conference on},
  volume={1},
  pages={221--224},
  year={1999},
  organization={IEEE}
}

@InProceedings{yeh2012recognition,
  title={Recognition of highly imbalanced code-mixed bilingual speech with frame-level language detection based on blurred posteriorgram},
  author={Yeh, Ching-Feng and Heidel, Aaron and Lee, Hong-Yi and Lee, Lin-Shan},
  booktitle={Acoustics, Speech and Signal Processing (ICASSP), 2012 IEEE International Conference on},
  pages={4873--4876},
  year={2012},
  organization={IEEE}
}

@InProceedings{besacier2014automatic,
  title={Automatic speech recognition for under-resourced languages: A survey},
  author={Besacier, Laurent and Barnard, Etienne and Karpov, Alexey and Schultz, Tanja},
  journal={Speech Communication},
  volume={56},
  pages={85--100},
  year={2014},
  publisher={Elsevier}
}

@InProceedings{vu2012first,
  title={A first speech recognition system for Mandarin-English code-switch conversational speech},
  author={Vu, Ngoc Thang and Lyu, Dau-Cheng and Weiner, Jochen and Telaar, Dominic and Schlippe, Tim and Blaicher, Fabian and Chng, Eng-Siong and Schultz, Tanja and Li, Haizhou},
  booktitle={Acoustics, Speech and Signal Processing (ICASSP), 2012 IEEE International Conference on},
  pages={4889--4892},
  year={2012},
  organization={IEEE}
}

@InProceedings{vu2014multilingual,
  title={Multilingual deep neural network based acoustic modeling for rapid language adaptation},
  author={Vu, Ngoc Thang and Imseng, David and Povey, Daniel and Motlicek, Petr and Schultz, Tanja and Bourlard, Herv{\'e}},
  booktitle={Acoustics, Speech and Signal Processing (ICASSP), 2014 IEEE International Conference on},
  pages={7639--7643},
  year={2014},
  organization={IEEE}
}

@InProceedings{huang2013cross,
  title={Cross-language knowledge transfer using multilingual deep neural network with shared hidden layers},
  author={Huang, Jui-Ting and Li, Jinyu and Yu, Dong and Deng, Li and Gong, Yifan},
  booktitle={Acoustics, Speech and Signal Processing (ICASSP), 2013 IEEE International Conference on},
  pages={7304--7308},
  year={2013},
  organization={IEEE}
}

@InProceedings{cucu2011investigating,
  title={Investigating the role of machine translated text in ASR domain adaptation: Unsupervised and semi-supervised methods},
  author={Cucu, Horia and Besacier, Laurent and Burileanu, Corneliu and Buzo, Andi},
  booktitle={Automatic Speech Recognition and Understanding (ASRU), 2011 IEEE Workshop on},
  pages={260--265},
  year={2011},
  organization={IEEE}
}

@InProceedings{srivastava2014dropout,
  title={Dropout: A simple way to prevent neural networks from overfitting},
  author={Srivastava, Nitish and Hinton, Geoffrey and Krizhevsky, Alex and Sutskever, Ilya and Salakhutdinov, Ruslan},
  journal={The Journal of Machine Learning Research},
  volume={15},
  number={1},
  pages={1929--1958},
  year={2014},
  publisher={JMLR. org}
}

@InProceedings{hinton2015distilling,
  title={Distilling the knowledge in a neural network},
  author={Hinton, Geoffrey and Vinyals, Oriol and Dean, Jeff},
  journal={arXiv preprint arXiv:1503.02531},
  year={2015}
}

@InProceedings{schultz2013globalphone,
  title={GlobalPhone: A multilingual text \& speech database in 20 languages},
  author={Schultz, Tanja and Vu, Ngoc Thang and Schlippe, Tim},
  booktitle={Acoustics, Speech and Signal Processing (ICASSP), 2013 IEEE International Conference on},
  pages={8126--8130},
  year={2013},
  organization={IEEE}
}

@InProceedings{dahl2013improving,
  title={Improving deep neural networks for LVCSR using rectified linear units and dropout},
  author={Dahl, George E and Sainath, Tara N and Hinton, Geoffrey E},
  booktitle={Acoustics, Speech and Signal Processing (ICASSP), 2013 IEEE International Conference on},
  pages={8609--8613},
  year={2013},
  organization={IEEE}
}

@InProceedings{rusu2015policy,
  title={Policy Distillation},
  author={Rusu, Andrei A and Colmenarejo, Sergio Gomez and Gulcehre, Caglar and Desjardins, Guillaume and Kirkpatrick, James and Pascanu, Razvan and Mnih, Volodymyr and Kavukcuoglu, Koray and Hadsell, Raia},
  journal={arXiv preprint arXiv:1511.06295},
  year={2015}
}

@InProceedings{nagamine2015exploring,
  title={Exploring How Deep Neural Networks Form Phonemic Categories},
  author={Nagamine, Tasha and Seltzer, Michael L and Mesgarani, Nima},
  booktitle={Sixteenth Annual Conference of the International Speech Communication Association},
  year={2015}
}

@InProceedings{kaldi,
         author = {Povey, Daniel and Ghoshal, Arnab and Boulianne, Gilles and Burget, Lukas and Glembek, Ondrej and Goel, Nagendra and Hannemann, Mirko and Motlicek, Petr and Qian, Yanmin and Schwarz, Petr and Silovsky, Jan and Stemmer, Georg and Vesely, Karel},
       keywords = {ASR, Automatic Speech Recognition, GMM, HTK, SGMM},
       projects = {Idiap, IM2},
          month = dec,
          title = {The Kaldi Speech Recognition Toolkit},
      booktitle = {IEEE 2011 Workshop on Automatic Speech Recognition and Understanding},
           year = {2011},
      publisher = {IEEE Signal Processing Society},
       location = {Hilton Waikoloa Village, Big Island, Hawaii, US},
           note = {IEEE Catalog No.: CFP11SRW-USB},
           isbn = {978-1-4673-0366-8},
       crossref = {Povey_Idiap-RR-04-2012},
       abstract = {We describe the design of Kaldi, a free, open-source
toolkit for speech recognition research. Kaldi provides a speech
recognition system based on finite-state transducers (using the
freely available OpenFst), together with detailed documentation
and scripts for building complete recognition systems. Kaldi
is written is C++, and the core library supports modeling of
arbitrary phonetic-context sizes, acoustic modeling with subspace
Gaussian mixture models (SGMM) as well as standard Gaussian
mixture models, together with all commonly used linear and
affine transforms. Kaldi is released under the Apache License
v2.0, which is highly nonrestrictive, making it suitable for a wide
community of users.},
            pdf = {http://publications.idiap.ch/downloads/papers/2012/Povey_ASRU2011_2011.pdf}
}

@TECHREPORT{Povey_Idiap-RR-04-2012,
         author = {Povey, Daniel and Ghoshal, Arnab and Boulianne, Gilles and Burget, Lukas and Glembek, Ondrej and Goel, Nagendra and Hannemann, Mirko and Motlicek, Petr and Qian, Yanmin and Schwarz, Petr and Silovsky, Jan and Stemmer, Georg and Vesely, Karel},
       keywords = {ASR, Automatic Speech Recognition, GMM, HTK, SGMM},
       projects = {Idiap},
          month = {1},
          title = {The Kaldi Speech Recognition Toolkit},
           type = {Idiap-RR},
         number = {Idiap-RR-04-2012},
           year = {2012},
    institution = {Idiap},
        address = {Rue Marconi 19, Martigny},
       abstract = {We describe the design of Kaldi, a free, open-source
toolkit for speech recognition research. Kaldi provides a speech
recognition system based on finite-state automata (using the freely
available OpenFst), together with detailed documentation and a
comprehensive set of scripts for building complete recognition
systems. Kaldi is written is C++, and the core library supports
modeling of arbitrary phonetic-context sizes, acoustic modeling
with subspace Gaussian mixture models (SGMM) as well as
standard Gaussian mixture models, together with all commonly
used linear and affine transforms. Kaldi is released under the
Apache License v2.0, which is highly nonrestrictive, making it
suitable for a wide community of users.},
            pdf = {http://publications.idiap.ch/downloads/reports/2011/Povey_Idiap-RR-04-2012.pdf}
}

@InProceedings{zhang2008mandarin,
  title={Mandarin-English bilingual speech recognition for real world music retrieval},
  author={Zhang, Qingqing and Pan, Jielin and Yan, Yonghong},
  booktitle={Acoustics, Speech and Signal Processing, 2008. ICASSP 2008. IEEE International Conference on},
  pages={4253--4256},
  year={2008},
  organization={IEEE}
}  
